@misc{web:mit18.01.1x,
	author = {David Jerison and Gigliola Staffilani},
	note = {Last accessed 09 Sept 2024},
	title = {Course | 18.01.1x | MIT Open Learning Library (Differentiation)},
	url = {
	       https://openlearninglibrary.mit.edu/courses/course-v1:MITx+18.01.1x+2T2019/course/
	       },
	year = {2020},
}
@misc{web:mit18.01.2x,
	author = {David Jerison and Gigliola Staffilani},
	note = {Last accessed 30 Aug 2025},
	title = {Course | 18.01.2x | MIT Open Learning Library (Integration)},
	url = {
	       https://openlearninglibrary.mit.edu/courses/course-v1:MITx+18.01.2x+3T2019/course/
	       },
	year = {2020},
}

